
@inproceedings{dietz2002spectral,
  title={Spectral Band Replication, a novel approach in audio coding},
  author={Dietz, Martin and Liljeryd, Lars and Kjorling, Kristofer and Kunz, Oliver},
  booktitle={Audio Engineering Society Convention 112},
  year={2002}
}

@inproceedings{sun2013non,
  title={Non-negative matrix completion for bandwidth extension: A convex optimization approach},
  author={Sun, Dennis L and Mazumder, Rahul},
  booktitle={2013 IEEE International Workshop on Machine Learning for Signal Processing (MLSP)},
  pages={1--6},
  year={2013},
  organization={IEEE}
}

@article{tan2018gated,
  title={Gated residual networks with dilated convolutions for monaural speech enhancement},
  author={Tan, Ke and Chen, Jitong and Wang, DeLiang},
  journal={IEEE/ACM transactions on audio, speech, and language processing},
  volume={27},
  number={1},
  pages={189--198},
  year={2018},
  publisher={IEEE}
}


@article{emiya2011subjective,
  title={Subjective and objective quality assessment of audio source separation},
  author={Emiya, Valentin and Vincent, Emmanuel and Harlander, Niklas and Hohmann, Volker},
  journal={IEEE Transactions on Audio, Speech, and Language Processing},
  volume={19},
  number={7},
  pages={2046--2057},
  year={2011},
  publisher={IEEE}
}

@inproceedings{miron2018high,
  title={High frequency magnitude spectrogram reconstruction for music mixtures using convolutional autoencoders},
  author={M. Miron and M. E. P. Davies},
  booktitle={In Proc. of the 21st Int. Conference on Digital Audio Effects (DAFx-18)},
  pages={173-180},
  year={2018},
  organization={IEEE}
}

@misc{gupta2019speech,
    title={Speech bandwidth extension with WaveNet},
    author={Archit Gupta and Brendan Shillingford and Yannis Assael and Thomas C. Walters},
    year={2019},
    eprint={1907.04927},
    archivePrefix={arXiv},
    primaryClass={eess.AS}
}
