@article{tzanetakis2002musical,
  title={Musical genre classification of audio signals},
  author={Tzanetakis, George and Cook, Perry},
  journal={IEEE Transactions on speech and audio processing},
  volume={10},
  number={5},
  pages={293--302},
  year={2002},
  publisher={IEEE}
}

@inproceedings{lostanlen2016deep,
  title={Deep convolutional networks on the pitch spiral for musical instrument recognition},
  author={Lostanlen, Vincent and Cella, Carmine-Emanuele},
  booktitle={In Proc. of the International Society for Music Information Retrieval Conference (ISMIR)},
  year={2016}
}

@inproceedings{miron2018high,
  title={High frequency magnitude spectrogram reconstruction for music mixtures using convolutional autoencoders},
  author={M. Miron and M. E. P. Davies},
  booktitle={In Proc. of the 21st Int. Conference on Digital Audio Effects (DAFx-18)},
  pages={173-180},
  year={2018},
  organization={IEEE}
}

@article{kuleshov2017audio,
  title={Audio super resolution using neural networks},
  author={Kuleshov, Volodymyr and Enam, S Zayd and Ermon, Stefano},
  journal={arXiv preprint arXiv:1708.00853},
  year={2017}
}



@inproceedings{li2015deep,
  title={A deep neural network approach to speech bandwidth expansion},
  author={Li, Kehuang and Lee, Chin-Hui},
  booktitle={2015 IEEE International Conference on Acoustics, Speech and Signal Processing (ICASSP)},
  pages={4395--4399},
  year={2015},
  organization={IEEE}
}

@inproceedings{sun2013non,
  title={Non-negative matrix completion for bandwidth extension: A convex optimization approach},
  author={Sun, Dennis L and Mazumder, Rahul},
  booktitle={2013 IEEE International Workshop on Machine Learning for Signal Processing (MLSP)},
  pages={1--6},
  year={2013},
  organization={IEEE}
}

@article{flanagan1966phase,
  title={Phase vocoder},
  author={Flanagan, James L and Golden, RM},
  journal={Bell System Technical Journal},
  volume={45},
  number={9},
  pages={1493--1509},
  year={1966},
  publisher={Wiley Online Library}
}

@article{ling2018waveform,
  title={Waveform modeling and generation using hierarchical recurrent neural networks for speech bandwidth extension},
  author={Ling, Zhen-Hua and Ai, Yang and Gu, Yu and Dai, Li-Rong},
  journal={IEEE/ACM Transactions on Audio, Speech, and Language Processing},
  volume={26},
  number={5},
  pages={883--894},
  year={2018},
  publisher={IEEE}
}

@book{larsen2005audio,
  title={Audio bandwidth extension: application of psychoacoustics, signal processing and loudspeaker design},
  author={Larsen, Erik and Aarts, Ronald M},
  year={2005},
  publisher={John Wiley \& Sons}
}

@article{abel2017artificial,
  title={Artificial speech bandwidth extension using deep neural networks for wideband spectral envelope estimation},
  author={Abel, Johannes and Fingscheidt, Tim},
  journal={IEEE/ACM Transactions on Audio, Speech, and Language Processing},
  volume={26},
  number={1},
  pages={71--83},
  year={2017},
  publisher={IEEE}
}

@misc{gupta2019speech,
    title={Speech bandwidth extension with WaveNet},
    author={Archit Gupta and Brendan Shillingford and Yannis Assael and Thomas C. Walters},
    year={2019},
    eprint={1907.04927},
    archivePrefix={arXiv},
    primaryClass={eess.AS}
}

@inproceedings{dietz2002spectral,
  title={Spectral Band Replication, a novel approach in audio coding},
  author={Dietz, Martin and Liljeryd, Lars and Kjorling, Kristofer and Kunz, Oliver},
  booktitle={Audio Engineering Society Convention 112},
  year={2002},
  organization={Audio Engineering Society}
}

@inproceedings{ehret2004audio,
  title={Audio coding technology of ExAC},
  author={Ehret, A and Pan, XD and Schug, M and Hoerich, H and Ren, WM and Zhu, XM and Henn, F},
  booktitle={Proceedings of 2004 International Symposium on Intelligent Multimedia, Video and Speech Processing, 2004.},
  pages={290--293},
  year={2004},
  organization={IEEE}
}

@inproceedings{ekstrand2002bandwidth,
  title={Bandwidth extension of audio signals by spectral band replication},
  author={Ekstrand, Per},
  booktitle={in Proceedings of the 1st IEEE Benelux Workshop on Model Based Processing and Coding of Audio (MPCAâ€™02},
  year={2002},
  organization={Citeseer}
}

@inproceedings{friedrich2007spectral,
  title={Spectral band replication tool for very low delay audio coding applications},
  author={Friedrich, Tobias and Schuller, Gerald},
  booktitle={2007 IEEE Workshop on Applications of Signal Processing to Audio and Acoustics},
  pages={199--202},
  year={2007},
  organization={IEEE}
}

@inproceedings{nagel2009harmonic,
  title={A harmonic bandwidth extension method for audio codecs},
  author={Nagel, Frederik and Disch, Sascha},
  booktitle={2009 IEEE International Conference on Acoustics, Speech and Signal Processing},
  pages={145--148},
  year={2009},
  organization={IEEE}
}
